@inproceedings{Stockhammer:2011,
 author = {Stockhammer, Thomas},
 title = {Dynamic adaptive streaming over HTTP: standards and design
principles},
 booktitle = {Proc. of ACM Conference on Multimedia Systems (MMSys'11)},
 month = {February},
 year = {2011},
 pages = {133-144},
 address = {San Jose, CA}
}

@article{Sodagar:2011,
  author = {Sodagar, Iraj},
  title = {The MPEG-DASH Standard for Multimedia Streaming Over the Internet.},
  journal = {IEEE Multimedia Magazine},
  volume = {18},
  number = {4},
  pages = {62-67},
  year = {2011},
  month = {April}
}

@ARTICLE{dash, 
author={{ISO/IEC 23009-1:2012}}, 
journal={}, 
title={{Information technology -- Dynamic adaptive streaming over HTTP (DASH) --
Part 1: Media presentation description and segment formats}}, 
year={}, 
volume={}, 
pages={}, 
doi={}, 
}

@inproceedings{Calagari:2014,
 author = {Calagari, Kiana and Templin, Krzysztof and Elgamal, Tarek and Diab, Khaled and Didyk, Piotr and Matusik, Wojciech and Hefeeda, Mohamed},
 title = {Anahita: A System for 3D Video Streaming with Depth Customization},
 booktitle = {Proc. of ACM International Conference on Multimedia (MM'14)},
 year = {2014},
 month = {November},
 pages = {337--346},
 numpages = {10},
 address = {USA}
} 

@inproceedings{Wang:2014,
 author = {Wang, Hui and Nguyen, Vu-Thanh and Ooi, Wei Tsang and Chan, Mun Choon},
 title = {Mixing Tile Resolutions in Tiled Video: A Perceptual Quality Assessment},
 booktitle = {Proc. of Network and Operating System Support on Digital Audio and Video Workshop (NOSSDAV'14)},
 year = {2014},
 month = {March},
 pages = {25:25--25:30},
 numpages = {6},
 address = {Singapore}
} 


@inproceedings{Diab:2014,
 author = {Khaled Diab and Tarek Elgamal and Kiana Calagari and Mohamed Hefeeda},
 title = {Storage Optimization for {3D} Streaming Systems},
 booktitle = {Proc. of ACM Conference on Multimedia Systems (MMSys'14)},
 month = {March},
 year = {2014},
 pages = {59--69},
 address = {Singapore}
}

@inproceedings{Hamza:2014,
  title={{A DASH-based Free-Viewpoint Video Streaming System}},
  author={Hamza, Ahmed  and Hefeeda, Mohamed},
  booktitle={Proc. of ACM NOSSDAV'14 workshop, in conjunction with ACM Multimedia Systems (MMSys'14) Conference},
  pages={55--60},
	month = {March},
	address={Singapore},
  year={2014}
}

@inproceedings{Su:2014, 
author={Tianyu Su and Javadtalab, A. and Yassine, A. and Shirmohammadi, S.}, 
booktitle={International Conference on Signal Processing and Communication Systems (ICSPCS'14)}, 
title={A DASH-based 3D multi-view video rate control system}, 
year={2014}, 
month={Dec}, 
pages={1-6},
address={Australia}
}

@inproceedings{Ryu:2013,
 author = {Ryu, Moonkyung and Ramachandran, Umakishore},
 title = {FlashStream: A Multi-tiered Storage Architecture for Adaptive HTTP Streaming},
 booktitle = {Proc. of ACM International Conference on Multimedia (MM'13)},
 month = {October},
 year = {2013},
 address = {Spain},
 pages = {313--322},
 numpages = {10}
} 

@inproceedings{Ryu:2012,
 author = {Ryu, Moonkyung and Kim, Hyojun and Ramachandran, Umakishore},
 title = {Why Are State-of-the-art Flash-based Multi-tiered Storage Systems Performing Poorly for HTTP Video Streaming?},
 booktitle = {Proc. of International Workshop on Network and Operating System Support for Digital Audio and Video (NOSSDAV'12)},
 year = {2012},
 address = {Toronto, Ontario, Canada},
 pages = {3--8},
 numpages = {6}
}

@article{Hamza:2012,
 author = {Hamza, Ahmed and Hefeeda, Mohamed},
 title = {Energy-efficient Multicasting of Multiview 3D Videos to Mobile Devices},
 journal = {ACM Trans. Multimedia Comput. Commun. Appl. (TOMM) },
 issue_date = {September 2012},
 volume = {8},
 number = {3s},
 month = oct,
 year = {2012},
 pages = {45:1--45:25},
 articleno = {45},
 numpages = {25}
} 

@inproceedings{Kimata:2011,
  booktitle={Proc. of IEEE International Symposium on Consumer Electronics (ISCE'01)},
  address = {Singapore},
  author= {H. Kimata and K. Fukazawa and A. Kameda and Y. Yamaguchi and N.
Matsuura},
  month = {June},
  pages={576-579},
  title={Interactive 3D multi-angle live streaming system},
  year={2011}
}

@misc{youtube,
  title = {{YouTube}},
  howpublished = "\url{http://www.youtube.com/}",
  note = {Accessed: July, 2015}
}

@misc{youtube:360,
  title = {{YouTube Help: Upload 360 degree videos}},
  howpublished = "\url{https://support.google.com/youtube/answer/6178631?hl=en}",
  note = {Accessed: July, 2015}
}

@misc{youtube:multiangle,
  title = {{YouTube Experiment}},
  howpublished = "\url{https://www.youtube.com/user/MadilynBailey/ChooseYourView}",
  note = {Accessed: July, 2015}
}

@misc{yahoo:williams,
  author = {Yahoo},
  title = {{14 Robin Williams Movies to Stream This Weekend}},
  howpublished = "\url{http://yhoo.it/VAtHcv}",
  note = {Accessed: July, 2015}
}

@misc{techtimes:williams,
  author = {{Tech Times}},
  title = {{Watch Robin Williams' greatest performances on Netflix}},
  howpublished = "\url{http://bit.ly/1mJoN4k}",
  note = {Accessed: July, 2015}
}

@misc{netflix,
  title = {{Netflix}},
  howpublished = "\url{http://www.netflix.com/}",
  note = {Accessed: July, 2015}
}

@misc{google:dcs,
  title = {{Google: Data Centers}},
  howpublished = "\url{http://www.google.com/about/datacenters/inside/locations/index.html}",
  note = {Accessed: August, 2015}
}

@book{Borodin:1998,
 author = {Borodin, Allan and El-Yaniv, Ran},
 title = {Online Computation and Competitive Analysis},
 year = {1998},
 isbn = {0-521-56392-5},
 publisher = {Cambridge University Press},
 address = {USA}
} 

@article{Tarjan:1985,
    author = {Tarjan, R. E.},
    journal = {SIAM Journal on Algebraic Discrete Methods},
    month = apr,
    number = {2},
    pages = {306--318},
    title = {{Amortized computational complexity}},
    volume = {6},
    year = {1985}
}

@article{Albers:1996,
    author = {Susanne Albers},
    title = {Competitive Online Algorithms},
    journal = {Department of Computer Science, University of Aarhus},
    year = {1996},
    volume = {54}
}
